@article{Pratte2010,
  doi = {10.3758/app.72.7.2013},
  year = {2010},
  month = oct,
  publisher = {Springer Science and Business Media {LLC}},
  volume = {72},
  number = {7},
  pages = {2013--2025},
  author = {M. S. Pratte and J. N. Rouder and R. D. Morey and C. Feng},
  title = {Exploring the differences in distributional properties between Stroop and Simon effects using delta plots},
  journal = {Attention,  Perception {\&} Psychophysics}
}

@article{Simen2009,
  doi = {10.1037/a0016926},
  year = {2009},
  publisher = {American Psychological Association ({APA})},
  volume = {35},
  number = {6},
  pages = {1865--1897},
  author = {Patrick Simen and David Contreras and Cara Buck and Peter Hu and Philip Holmes and Jonathan D. Cohen},
  title = {Reward rate optimization in two-alternative decision making: Empirical tests of theoretical predictions.},
  journal = {Journal of Experimental Psychology: Human Perception and Performance}
}

@article{vandekerckhove_tuerlinckx:2007:experimental,
    title   = {{F}itting the {R}atcliff diffusion model to experimental data},
    author  = {Vandekerckhove, Joachim and Tuerlinckx, Francis},
    year    = {2007},
    journal = {Psychonomic Bulletin \& Review},
    volume  = {14},
    pages   = {1011--1026},
    doi     = {10.3758/BF03193087}
}

@article{vandekerckhove_etal:2007:concavity,
    title   = {{T}he concavity effect is a compound of local and global effects},
    author  = {Vandekerckhove, Joachim and Panis, Sven and Wagemans, Johan},
    year    = {2007},
    journal = {Perception \& Psychophysics},
    volume  = {69},
    pages   = {1253--1260},
    doi     = {10.3758/BF03193960}
}

@article{spruyt_etal:2007:Prediction,
    title   = {{O}n the predictive validity of indirect attitude measures: {P}rediction of consumer choice behavior on the basis of affective priming in the picture--picture naming task},
    author  = {Spruyt, Adriaan and Hermans, Dirk and De Houwer, Jan and Vandekerckhove, Joachim and Eelen, Paul},
    year    = {2007},
    journal = {Journal of Experimental Social Psychology},
    volume  = {43},
    pages   = {599--610},
    doi     = {10.1016/j.jesp.2006.06.009}
}

@incollection{vandekerckhove_etal:2008:diffusion,
    title   = {{A} {B}ayesian approach to diffusion process models of decision-making},
    author  = {Vandekerckhove, Joachim and Tuerlinckx, Francis and Lee, Michael D.},
    year    = {2008},
    journal = {Proceedings of the 30th Annual Conference of the Cognitive Science Society},
    pages   = {1429--1434}
}

@article{vandekerckhove_tuerlinckx:2008:Diffusion,
    title   = {{D}iffusion {M}odel {A}nalysis with {M}{A}{T}{L}{A}{B}: {A} {D}{M}{A}{T} {P}rimer},
    author  = {Vandekerckhove, Joachim and Tuerlinckx, Francis},
    year    = {2008},
    journal = {Behavior Research Methods},
    volume  = {40},
    pages   = {61--72},
    doi     = {10.3758/BRM.40.1.61}
}

@article{panis_etal:2008:Identification,
    title   = {{I}dentification of everyday objects on the basis of fragmented versions of outlines},
    author  = {Panis, Sven and De Winter, Joeri and Vandekerckhove, Joachim and Wagemans, Johan},
    year    = {2008},
    journal = {Perception},
    volume  = {37},
    pages   = {271--289},
    doi     = {10.1068/p5516}
}

@article{oravecz_etal:2009:hierarchical,
    title   = {{A} hierarchical {O}rnstein-{U}hlenbeck model for continuous repeated measurement data},
    author  = {Oravecz, Zita and Tuerlinckx, Francis and Vandekerckhove, Joachim},
    year    = {2009},
    journal = {Psychometrika},
    volume  = {74},
    pages   = {395--418},
    doi     = {10.1007/s11336-008-9106-8}
}

@article{dutilh_etal:2009:decomposition,
    title   = {{A} diffusion model decomposition of the practice effect},
    author  = {Dutilh, Gilles and Vandekerckhove, Joachim and Tuerlinckx, Francis and Wagenmakers, Eric-Jan},
    year    = {2009},
    journal = {Psychonomic Bulletin \& Review},
    volume  = {16},
    pages   = {1026--1036},
    doi     = {10.3758/16.6.1026}
}

@article{wetzels_etal:2010:estimation,
    title   = {{B}ayesian parameter estimation in the {E}xpectancy {V}alence model of the {I}owa gambling task},
    author  = {Wetzels, Ruud and Vandekerckhove, Joachim and Tuerlinckx, Francis and Wagenmakers, Eric-Jan},
    year    = {2010},
    journal = {Journal of Mathematical Psychology},
    volume  = {54},
    pages   = {14--27},
    doi     = {10.1016/j.jmp.2008.12.001}
}

@article{vandekerckhove_etal:2010:categorization,
    title   = {{A} crossed random effects diffusion model for speeded semantic categorization data},
    author  = {Vandekerckhove, Joachim and Verheyen, Steven and Tuerlinckx, Francis},
    year    = {2010},
    journal = {Acta Psychologica},
    volume  = {133},
    pages   = {269--282},
    doi     = {10.1016/j.actpsy.2009.10.009}
}

@article{vandekerckhove_etal:2011:Hierarchical,
    title   = {{H}ierarchical diffusion models for two-choice response times},
    author  = {Vandekerckhove, Joachim and Tuerlinckx, Francis and Lee, Michael D.},
    year    = {2011},
    journal = {Psychological Methods},
    volume  = {16},
    pages   = {44--62},
    doi     = {10.1037/a0021765}
}

@article{oravecz_etal:2011:hierarchical,
    title   = {{A} hierarchical latent stochastic differential equation model for affective dynamics},
    author  = {Oravecz, Zita and Tuerlinckx, Francis and Vandekerckhove, Joachim},
    year    = {2011},
    journal = {Psychological Methods},
    volume  = {16},
    pages   = {468--490},
    doi     = {10.1037/a0024375}
}

@article{dutilh_etal:2012:theories,
    title   = {{T}esting theories of post-error slowing},
    author  = {Dutilh, Gilles and Vandekerckhove, Joachim and Forstmann, Birte and Keuleers, Emmanuel and Brysbaert, Marc and Wagenmakers, Eric-Jan},
    year    = {2012},
    journal = {Attention, Perception, \& Psychophysics},
    volume  = {7},
    pages   = {454--465},
    doi     = {10.3758/s13414-011-0243-2}
}

@article{dutilh_etal:2013:differences,
    title   = {{A} diffusion model account of age differences in posterror slowing},
    author  = {Dutilh, Gilles and Forstmann, Birte and Vandekerckhove, Joachim and Wagenmakers, Eric-Jan},
    year    = {2013},
    journal = {Psychology and Aging},
    volume  = {28},
    pages   = {64--76},
    doi     = {10.1037/a0029875}
}

@article{pe_etal:2013:relationship,
    title   = {{A} diffusion model account of the relationship between the emotional flanker task and depression and rumination},
    author  = {Pe, Madeline and Vandekerckhove, Joachim and Kuppens, Peter},
    year    = {2013},
    journal = {Emotion},
    volume  = {13},
    pages   = {739--747},
    doi     = {10.1037/a0031628}
}

@article{vandekerckhove_etal:2013:consistency,
    title   = {{T}he consistency test may be too weak to be useful: {I}ts systematic application would not improve effect size estimation in meta-analyses},
    author  = {Vandekerckhove, Joachim and Guan, Maime and Styrcula, Steven},
    year    = {2013},
    journal = {Journal of Mathematical Psychology},
    volume  = {57},
    pages   = {170--173},
    doi     = {10.1016/j.jmp.2013.03.007}
}

@article{salum_etal:2014:hyperactivity,
    title   = {{S}pecificity of basic information processing and inhibitory control in attention deficit/hyperactivity disorder},
    author  = {Salum, Giovanni and Sergeant, Joseph and Sonuga-Barke, Edmund and Vandekerckhove, Joachim and Gadelha, Ary and Pan, Pedro and Moriyama, Toshifumi and Graeff-Martins, Ana and Gomes de Alvarenga, Pedro and do Rosario, Maria and Manfro, Gabriel and Polanczyk, Guilherme and Rohde, Luis},
    year    = {2014},
    journal = {Psychological Medicine},
    volume  = {44},
    pages   = {617--631},
    doi     = {10.1017/S0033291713000639}
}

@article{wabersich_vandekerckhove:2014:distributions,
    title   = {{E}xtending {J}{A}{G}{S}: {A} tutorial on adding custom distributions to {J}{A}{G}{S} (with a diffusion model example)},
    author  = {Wabersich, Dominik and Vandekerckhove, Joachim},
    year    = {2014},
    journal = {Behavior Research Methods},
    volume  = {46},
    pages   = {15-28},
    doi     = {10.3758/s13428-013-0369-3}
}

@chapter{vandekerckhove_etal:2015:comparison,
    title   = {{M}odel comparison and the principle of parsimony},
    author  = {Vandekerckhove, Joachim and Matzke, Dora and Wagenmakers, Eric-Jan},
    year    = {2015},
    journal = {Oxford Handbook of Computational and Mathematical Psychology},
    pages   = {300--317}
}

@article{salum_etal:2014:neurocognitive,
    title   = {{M}echanisms underpinning inattention and hyperactivity: neurocognitive support for {A}{D}{H}{D} dimensionality},
    author  = {Salum, Giovanni and Sergeant, Joseph and Sonuga-Barke, Edmund and Vandekerckhove, Joachim and Gadelha, Ary and Pan, Pedro and Moriyama, Toshifumi and Graeff-Martins, Ana and Gomes de Alvarenga, Pedro and do Rosario, Maria and Manfro, Gabriel and Polanczyk, Guilherme and Rohde, Luis},
    year    = {2014},
    journal = {Psychological Medicine},
    volume  = {44},
    pages   = {3189--3201},
    doi     = {10.1017/S0033291714000919}
}

@article{oravecz_etal:2014:Consensus,
    title   = {{B}ayesian {C}ultural {C}onsensus {T}heory},
    author  = {Oravecz, Zita and Vandekerckhove, Joachim and Batchelder, William},
    year    = {2014},
    journal = {Field Methods},
    volume  = {26},
    pages   = {207--222},
    doi     = {10.1177/1525822X13520280}
}

@article{wabersich_vandekerckhove:2014:distribution,
    title   = {{T}he {R}{W}iener package: an {R} package providing distribution functions for the {W}iener diffusion model},
    author  = {Wabersich, Dominik and Vandekerckhove, Joachim},
    year    = {2014},
    journal = {The R Journal},
    volume  = {6},
    pages   = {49--56}
}

@article{wiech_etal:2014:information,
    title   = {{I}nfluence of prior information on pain involves biased perceptual decision-making},
    author  = {Wiech, Katja and Vandekerckhove, Joachim and Zaman, Jonas and Tuerlinckx, Francis and Vlaeyen, Johan and Tracey, Irene},
    year    = {2014},
    journal = {Current Biology},
    volume  = {24},
    pages   = {R679--R681},
    doi     = {10.1016/j.cub.2014.06.022}
}

@article{vandekerckhove:2014:simultaneous,
    title   = {{A} cognitive latent variable model for the simultaneous analysis of behavioral and personality data},
    author  = {Vandekerckhove, Joachim},
    year    = {2014},
    journal = {Journal of Mathematical Psychology},
    volume  = {60},
    pages   = {58--71},
    doi     = {10.1016/j.jmp.2014.06.004}
}

@article{murphy_etal:2014:variability,
    title   = {{P}upil-linked arousal determines variability in perceptual decision making},
    author  = {Murphy, Peter and Vandekerckhove, Joachim and Nieuwenhuis, Sander},
    year    = {2014},
    journal = {PLOS Computational Biology},
    volume  = {10},
    pages   = {e1003854},
    doi     = {10.1371/journal.pcbi.1003854}
}

@article{lee_etal:2014:termination,
    title   = {{M}odeling the adaptation of search termination in human decision making},
    author  = {Lee, Michael D. and Newell, Ben and Vandekerckhove, Joachim},
    year    = {2014},
    journal = {Decision},
    volume  = {1},
    pages   = {223--251},
    doi     = {10.1037/dec0000019}
}

@article{zhang_etal:2014:boundaries,
    title   = {{T}ime-varying boundaries for diffusion models of decision making and response time},
    author  = {Zhang, Shunan and Lee, Michael D. and Vandekerckhove, Joachim and Maris, Gunther and Wagenmakers, Eric-Jan},
    year    = {2014},
    journal = {Frontiers in Psychology},
    volume  = {5},
    pages   = {1364},
    doi     = {10.3389/fpsyg.2014.01364}
}

@article{nunez_etal:2015:differences,
    title   = {{I}ndividual differences in attention influence perceptual decision making},
    author  = {Nunez, Michael D. and Srinivasan, Ramesh and Vandekerckhove, Joachim},
    year    = {2015},
    journal = {Frontiers in Psychology},
    volume  = {6},
    pages   = {18},
    doi     = {10.3389/fpsyg.2015.00018}
}

@chapter{oravecz_etal:2016:Sequential,
    title   = {{S}equential {B}ayesian updating for {B}ig {D}ata},
    author  = {Oravecz, Zita and Huentelman, Matt and Vandekerckhove, Joachim},
    year    = {2016},
    journal = {Big Data in Cognitive Science: From Methods to Insights},
    pages   = {13--33}
}

@article{mistry_etal:2015:probability,
    title   = {{A} latent-mixture quantum probability model of causal reasoning within a {B}ayesian inference framework},
    author  = {Mistry, Percy and Trueblood, Jennifer and Vandekerckhove, Joachim and Pothos, Emmanuel},
    year    = {2015},
    journal = {Proceedings of the 37th Annual Conference of the Cognitive Science Society}
}

@article{guan_etal:2015:hierarchical,
    title   = {{A} hierarchical cognitive threshold model of human decision making on different length optimal stopping problems},
    author  = {Guan, Maime and Lee, Michael D. and Vandekerckhove, Joachim},
    year    = {2015},
    journal = {Proceedings of the 37th Annual Conference of the Cognitive Science Society},
    pages   = {824--829}
}

@article{kupitz_etal:2015:diffusion,
    title   = {{A} diffusion model account of the transfer-of-training effect},
    author  = {Kupitz, Colin and Buschkuehl, Martin and Jaeggi, Susanne and Jonides, John and Shah, Priti and Vandekerckhove, Joachim},
    year    = {2015},
    journal = {Proceedings of the 37th Annual Conference of the Cognitive Science Society}
}

@article{van_elk_etal:2015:replications,
    title   = {{M}eta-analyses are no substitute for registered replications: a skeptical perspective on religious priming},
    author  = {Van Elk, Michiel and Matzke, Dora and Gronau, Quentin and Guan, Maime and Vandekerckhove, Joachim and Wagenmakers, Eric-Jan},
    year    = {2015},
    journal = {Frontiers in Psychology},
    volume  = {6},
    pages   = {1365},
    doi     = {10.3389/fpsyg.2015.01365}
}

@article{guan_vandekerckhove:2016:publication,
    title   = {{A} {B}ayesian approach to mitigation of publication bias},
    author  = {Guan, Maime and Vandekerckhove, Joachim},
    year    = {2016},
    journal = {Psychonomic Bulletin \& Review},
    volume  = {23},
    pages   = {74--86},
    doi     = {10.3758/s13423-015-0868-6}
}

@article{oravecz_etal:2016:hierarchical,
    title   = {{B}ayesian data analysis with the bivariate hierarchical {O}rnstein-{U}hlenbeck process model},
    author  = {Oravecz, Zita and Tuerlinckx, Francis and Vandekerckhove, Joachim},
    year    = {2016},
    journal = {Multivariate Behavioral Research},
    volume  = {51},
    pages   = {106--119},
    doi     = {10.1080/00273171.2015.1110512}
}

@article{etz_vandekerckhove:2016:Reproducibility,
    title   = {{A} {B}ayesian perspective on the {R}eproducibility {P}roject: {P}sychology},
    author  = {Etz, Alexander and Vandekerckhove, Joachim},
    year    = {2016},
    journal = {PLOS ONE},
    volume  = {11},
    pages   = {e0149794},
    doi     = {10.1371/journal.pone.0149794}
}

@article{nunez_etal:2017:influences,
    title   = {{H}ow attention influences perceptual decision making: {S}ingle-trial {E}{E}{G} correlates of drift-diffusion model parameters},
    author  = {Nunez, Michael D. and Vandekerckhove, Joachim and Srinivasan, Ramesh},
    year    = {2017},
    journal = {Journal of Mathematical Psychology},
    volume  = {76},
    pages   = {117--130},
    doi     = {10.1016/j.jmp.2016.03.003}
}

@article{oravecz_etal:2016:psychometric,
    title   = {{D}o people agree on what makes one feel loved? {A} cognitive psychometric approach to the consensus on felt love},
    author  = {Oravecz, Zita and Muth, Chelsea and Vandekerckhove, Joachim},
    year    = {2016},
    journal = {PLOS ONE},
    volume  = {11},
    pages   = {e0152803},
    doi     = {10.1371/journal.pone.0152803}
}

@article{vandekerckhove_wagenmakers:2016:Confidence,
    title   = {{C}. {S}. {P}eirce on the {C}risis of {C}onfidence and the "{N}o {M}ore {B}ets" {H}euristic},
    author  = {Vandekerckhove, Joachim and Wagenmakers, Eric-Jan},
    year    = {2016},
    journal = {The Winnower},
    volume  = {4843},
    doi     = {10.15200/winn.146611.14253}
}

@article{lucio_etal:2017:neuropsychological,
    title   = {{P}oor stimulus discriminability as a common neuropsychological deficit between {A}{D}{H}{D} and reading ability in young children: a  moderated mediation model},
    author  = {Lucio, Patricia and Salum, Giovanni and Rohde, Luis and Gadelha, Ary and Swardfager, Walter and Vandekerckhove, Joachim and Pan, Pedro and Polanczyk, Guilherme and do Rosario, Maria and Jackowski, Andrea and Mari, Jair and Cogo-Moreira, Hugo},
    year    = {2017},
    journal = {Psychological Medicine},
    volume  = {47},
    pages   = {255--266},
    doi     = {10.1017/S0033291716002531}
}

@article{van_ravenzwaaij_etal:2017:empirical,
    title   = {{T}he {E}{Z} diffusion model provides a powerful test of simple empirical effects},
    author  = {van Ravenzwaaij, Don and Donkin, Christopher and Vandekerckhove, Joachim},
    year    = {2017},
    journal = {Psychonomic Bulletin \& Review},
    volume  = {24},
    pages   = {547--556},
    doi     = {10.3758/s13423-016-1081-y}
}

@article{dutilh_etal:2017:preregistration,
    title   = {{A} test of the diffusion model explanation for the {W}orst {P}erformance {R}ule using preregistration and blinding},
    author  = {Dutilh, Gilles and Vandekerckhove, Joachim and Ly, Alexander and Matzke, Dora and Pedroni, Andreas and Frey, Renato and Rieskamp, Joerg and Wagenmakers, Eric-Jan},
    year    = {2017},
    journal = {Attention, Perception, and Performance},
    volume  = {79},
    pages   = {713--725},
    doi     = {10.3758/s13414-017-1304-y}
}

@article{okada_etal:2018:hierarchical,
    title   = {{M}odeling when people quit: {B}ayesian censored geometric models with hierarchical and latent-mixture extensions},
    author  = {Okada, Kensuke and Vandekerckhove, Joachim and Lee, Michael D.},
    year    = {2018},
    journal = {Behavior Research Methods},
    volume  = {50},
    pages   = {406--415},
    doi     = {10.3758/s13428-017-0879-5}
}

@article{etz_vandekerckhove:2018:Introduction,
    title   = {{I}ntroduction to {B}ayesian inference for psychology},
    author  = {Etz, Alexander and Vandekerckhove, Joachim},
    year    = {2018},
    journal = {Psychonomic Bulletin \& Review},
    volume  = {25},
    pages   = {5--34},
    doi     = {10.3758/s13423-017-1262-3}
}

@article{matzke_etal:2018:nonstandard,
    title   = {{B}ayesian {I}nference in {P}sychology, {P}art {I}{I}{I}: {B}ayesian parameter estimation in nonstandard models},
    author  = {Matzke, Dora and Boehm, Udo and Vandekerckhove, Joachim},
    year    = {2018},
    journal = {Psychonomic Bulletin \& Review},
    volume  = {25},
    pages   = {77--101},
    doi     = {10.3758/s13423-017-1394-5}
}

@article{rouder_etal:2018:Psychology,
    title   = {{B}ayesian {I}nference in {P}sychology, {P}art {I}{V}: {P}arameter estimation and {B}ayes factors},
    author  = {Rouder, Jeffrey and Haaf, Julia and Vandekerckhove, Joachim},
    year    = {2018},
    journal = {Psychonomic Bulletin \& Review},
    volume  = {25},
    pages   = {102--113},
    doi     = {10.3758/s13423-017-1420-7}
}

@article{heshmati_etal:2019:differences,
    title   = {{W}hat does it mean to feel loved? {C}ultural agreement and individual differences},
    author  = {Heshmati, Saeideh and Oravecz, Zita and Pressman, Sarah and Batchelder, William and Muth, Chelsea and Vandekerckhove, Joachim},
    year    = {2019},
    journal = {Journal of Social and Personal Relationships},
    volume  = {36},
    pages   = {214-243},
    doi     = {10.1177/0265407517724600}
}

@article{dutilh_etal:2019:collaborative,
    title   = {{T}he quality of response time data inference: {A} blinded, collaborative approach to the validity of cognitive models},
    author  = {Dutilh, Gilles and Annis, Jeff and Brown, Scott and Cassey, Pete and Evans, Nathan J. and Grasman, Raoul and Hawkins, Guy and Heathcote, Andrew and Holmes, William and Krypotos, Angelos-Miltiadis and Kupitz, Colin and Leite, Fabio and Lerche, Veronika and Lin, Yi-Shin and Logan, Gordon D. and Palmeri, Thomas and Starns, Jeffrey and Trueblood, Jennifer and van Maanen, Leendert and van Ravenzwaaij, Don and Vandekerckhove, Joachim and Visser, Ingmar and Voss, Andreas and White, Corey and Wiecki, Thomas and Rieskamp, Joerg and Donkin, Christopher},
    year    = {2019},
    journal = {Psychonomic Bulletin \& Review},
    volume  = {26},
    pages   = {1051--1069},
    doi     = {10.3758/s13423-017-1417-2}
}

@article{baribault_etal:2018:Metastudies,
    title   = {{M}etastudies for robust tests of theory},
    author  = {Baribault, Beth and Donkin, Christopher and Little, Daniel and Trueblood, Jennifer and Oravecz, Zita and van Ravenzwaaij, Don and White, Corey and De Boeck, Paul and Vandekerckhove, Joachim},
    year    = {2018},
    journal = {Proceedings of the National Academy of Sciences},
    volume  = {115},
    pages   = {2607--2612},
    doi     = {10.1073/pnas.1708285114}
}

@article{vandekerckhove_etal:2018:psychological,
    title   = {{E}ditorial: {B}ayesian methods for advancing psychological science},
    author  = {Vandekerckhove, Joachim and Rouder, Jeffrey and Kruschke, John},
    year    = {2018},
    journal = {Psychonomic Bulletin \& Review},
    volume  = {25},
    pages   = {1--4},
    doi     = {10.3758/s13423-018-1443-8}
}

@article{etz_etal:2018:hypothesis,
    title   = {{B}ayesian inference and testing any hypothesis you can specify},
    author  = {Etz, Alexander and Haaf, Julia and Rouder, Jeffrey and Vandekerckhove, Joachim},
    year    = {2018},
    journal = {Advances in Methods and Practices in Psychological Science},
    volume  = {1},
    pages   = {281--295},
    doi     = {10.1177/2515245918773087}
}

@article{subiaul_etal:2015:combination,
    title   = {{I}mitation by combination: {P}reschool age children evidence summative imitation in a novel problem-solving task},
    author  = {Subiaul, F. and Krajkowski, E. and Price, E. and Etz, Alexander},
    year    = {2015},
    journal = {Frontiers in Psychology},
    volume  = {6},
    doi     = {10.3389/fpsyg.2015.01410}
}

@article{holcombe_etal:2016:perception,
    title   = {{D}oes sadness impair color perception? {F}lawed evidence and faulty methods},
    author  = {Holcombe, Alex and Brown, Nicholas and Goodbourn, P. and Etz, Alexander and Geukes, S.},
    year    = {2016},
    journal = {F1000Research},
    doi     = {10.12688/f1000research.9202.1}
}

@article{etz_wagenmakers:2017:contribution,
    title   = {{J}. {B}. {S}. {H}aldane's contribution to the {B}ayes factor hypothesis test},
    author  = {Etz, Alexander and Wagenmakers, Eric-Jan},
    year    = {2017},
    journal = {Statistical Science},
    volume  = {32},
    pages   = {313--329},
    doi     = {10.1214/16-STS599}
}

@article{wagenmakers_etal:2018:applications,
    title   = {{B}ayesian {I}nference for {P}sychology. {P}art {I}{I}: {E}xample applications with {J}{A}{S}{P}},
    author  = {Wagenmakers, Eric-Jan and Love, Jonathon and Marsman, M. and Jamil, T. and Ly, Alexander and Verhagen, Josine and Selker, Ravi and Gronau, Quentin and Dropmann, D. and Boutin, B. and Meerhol, F. and Knight, P. and Raj, A. and van Kesteren, E. and van Doorn, Johnny and Smira, M. and Epskamp, Sacha and Etz, Alexander and Matzke, Dora and Rouder, Jeffrey and Morey, Richard},
    year    = {2018},
    journal = {Psychonomic Bulletin \& Review},
    volume  = {25},
    pages   = {58--76},
    doi     = {10.3758/s13423-017-1323-7}
}

@article{lakens_etz:2017:significant,
    title   = {{T}oo true to be bad: {W}hen sets of studies with significant and non-significant findings are probably true},
    author  = {Lakens, Daniel and Etz, Alexander},
    year    = {2017},
    journal = {Social Psychological and Personality Science},
    volume  = {8},
    pages   = {875--881},
    doi     = {10.1177/1948550617693058}
}

@article{etz:2018:applications,
    title   = {{I}ntroduction to the concept of likelihood and its applications},
    author  = {Etz, Alexander},
    year    = {2018},
    journal = {Advances in Methods and Practices in Psychological Science},
    volume  = {1},
    pages   = {60--69},
    doi     = {10.1177/2515245917744314}
}

@article{etz_etal:2018:annotated,
    title   = {{H}ow to become a {B}ayesian in eight easy steps: {A}n annotated reading list},
    author  = {Etz, Alexander and Gronau, Quentin and Dablander, Fabian and Edelsbrunner, Peter and Baribault, Beth},
    year    = {2018},
    journal = {Psychonomic Bulletin \& Review},
    volume  = {25},
    pages   = {219--234},
    doi     = {10.3758/s13423-017-1317-5}
}

@article{ly_etal:2018:Replication,
    title   = {{R}eplication {B}ayes factors from evidence updating},
    author  = {Ly, Alexander and Etz, Alexander and Marsman, M. and Wagenmakers, Eric-Jan},
    year    = {2018},
    journal = {Behavior Research Methods},
    volume  = {51},
    pages   = {2498--2508},
    doi     = {10.3758/s13428-018-1092-x}
}

@article{zwaan_etal:2018:commentaries,
    title   = {{I}mproving social and behavioral science by making replication mainstream: {A} response to commentaries},
    author  = {Zwaan, Rolf and Etz, Alexander and Lucas, Rich and Donnellan, M.},
    year    = {2018},
    journal = {Behavioral and Brain Sciences},
    volume  = {41},
    pages   = {e157},
    doi     = {10.1017/S0140525X18000961}
}

@article{ly_etal:2018:reanalyses,
    title   = {{B}ayesian reanalyses from summary statistics: {A} guide for academic consumers},
    author  = {Ly, Alexander and Raj, A. and Etz, Alexander and Marsman, M. and Wagenmakers, Eric-Jan},
    year    = {2018},
    journal = {Advances in Methods and Practices in Psychological Science},
    volume  = {1},
    pages   = {367--374},
    doi     = {10.1177/2515245918779348}
}

@article{zwaan_etal:2018:replication,
    title   = {{M}aking replication mainstream},
    author  = {Zwaan, Rolf and Etz, Alexander and Lucas, Rich and Donnellan, M.},
    year    = {2018},
    journal = {Behavioral and Brain Sciences},
    volume  = {41},
    pages   = {e120},
    doi     = {10.1017/S0140525X17001972}
}

@article{guan_lee:2018:performance,
    title   = {{T}he effects of goals and evironments on human performance in optimal stopping problems},
    author  = {Guan, Maime and Lee, Michael D.},
    year    = {2018},
    journal = {Decision},
    volume  = {5},
    pages   = {339--361},
    doi     = {10.1037/dec0000081}
}

@incollection{guan_etal:2014:environments,
    title   = {{T}hreshold models of human decision making on optimal stopping problems in different environments},
    author  = {Guan, Maime and Lee, Michael D. and Silva, Andrew},
    year    = {2014},
    journal = {Proceedings of the 36th Annual Conference of the Cognitive Science Society}
}

@article{chubb_etal:2013:discriminating,
    title   = {{B}imodal distribution of performance in discriminating major/minor modes},
    author  = {Chubb, Charles and Dickson, Christopher and Dean, Tyler and Fagan, Christopher and Mann, Daniel and Wright, Charles and Guan, Maime and Silva, Andrew and Gregersen, Peter and Kowalsky, Elena},
    year    = {2013},
    journal = {The Journal of the Acoustical Society of America},
    volume  = {134},
    pages   = {3067--3078},
    doi     = {10.1121/1.4816546}
}

@article{shafer-skelton_etal:2017:retinotopic,
    title   = {{O}bject-location binding across a saccade: {A} retinotopic spatial congruency bias},
    author  = {Shafer-Skelton, Anna and Kupitz, Colin and Golomb, Julie},
    year    = {2017},
    journal = {Attention, Perception, \& Psychophysics},
    volume  = {79},
    pages   = {765--781},
    doi     = {10.3758/s13414-016-1263-8}
}

@article{bapat_etal:2017:congruency,
    title   = {{B}inding object features to locations: {D}oes the "spatial congruency bias" update with object movement?},
    author  = {Bapat, Avni and Shafer-Skelton, Anna and Kupitz, Colin and Golomb, Julie},
    year    = {2017},
    journal = {Attention, Perception, \& Psychophysics},
    volume  = {79},
    pages   = {1682--1694},
    doi     = {10.3758/s13414-017-1350-5}
}

@incollection{nunez_etal:2016:Electroencephalography,
    title   = {{E}lectroencephalography ({E}{E}{G}): neurophysics, experimental methods, and signal processing},
    author  = {Nunez, Michael D. and Nunez, Paul and Srinivasan, Ramesh},
    year    = {2016},
    journal = {Handbook of Neuroimaging Data Analysis},
    pages   = {175--197}
}

@article{mistry_etal:2018:differences,
    title   = {{A} quantum probability account of individual differences in causal reasoning},
    author  = {Mistry, Percy and Pothos, Emmanuel and Vandekerckhove, Joachim and Trueblood, Jennifer},
    year    = {2018},
    journal = {Journal of Mathematical Psychology},
    volume  = {87},
    pages   = {76--97},
    doi     = {10.1016/j.jmp.2018.09.003}
}

@article{schubert_etal:2019:neuroscience,
    title   = {{I}ndividual differences in cortical processing speed predict cognitive abilities: {A} model-based cognitive neuroscience account},
    author  = {Schubert, Anna-Lena and Nunez, Michael D. and Hagemann, Dirk and Vandekerckhove, Joachim},
    year    = {2019},
    journal = {Computational Brain \& Behavior},
    volume  = {2},
    pages   = {64--84},
    doi     = {10.1007/s42113-018-0021-5}
}

@article{lee_etal:2019:cognitive,
    title   = {{R}obust modeling in cognitive science},
    author  = {Lee, Michael D. and Criss, Amy and Devezer, Berna and Donkin, Christopher and Etz, Alexander and Leite, Fabio and Matzke, Dora and Rouder, Jeffrey and Trueblood, Jennifer and White, Corey and Vandekerckhove, Joachim},
    year    = {2019},
    journal = {Computational Brain \& Behavior},
    volume  = {2},
    pages   = {141--153},
    doi     = {10.1007/s42113-019-00029-y}
}

@article{nunez_etal:2019:potential,
    title   = {{T}he latency of a visual evoked potential tracks the onset of decision making},
    author  = {Nunez, Michael D. and Gosai, Aishwarya and Vandekerckhove, Joachim and Srinivasan, Ramesh},
    year    = {2019},
    journal = {NeuroImage},
    volume  = {197},
    pages   = {93--108},
    doi     = {10.1016/j.neuroimage.2019.04.052}
}

@article{oravecz_etal:2020:Psychological,
    title   = {{P}sychological well-being and personality traits are associated with experiencing love in everyday life},
    author  = {Oravecz, Zita and Dirsmith, Jessica and Heshmati, Saeideh and Vandekerckhove, Joachim and Brick, Timothy},
    year    = {2020},
    journal = {Personality and Individual Differences},
    volume  = {154},
    pages   = {109620},
    doi     = {10.1016/j.paid.2019.109620}
}

@article{vandekerckhove_etal:2019:diversity,
    title   = {{R}obust diversity in cognitive science},
    author  = {Vandekerckhove, Joachim and White, Corey and Trueblood, Jennifer and Rouder, Jeffrey and Matzke, Dora and Leite, Fabio and Etz, Alexander and Donkin, Christopher and Devezer, Berna and Criss, Amy and Lee, Michael D.},
    year    = {2019},
    journal = {Computational Brain \& Behavior},
    volume  = {2},
    pages   = {271--276},
    doi     = {10.1007/s42113-019-00066-7}
}

@article{aczel_etal:2020:Discussion,
    title   = {{D}iscussion points for {B}ayesian inference},
    author  = {Aczel, Balazs and Hoekstra, Rink and Gelman, Andrew and Wagenmakers, Eric-Jan and Klugkist, Irene and Rouder, Jeffrey and Vandekerckhove, Joachim and Lee, Michael D. and Morey, Richard and Vanpaemel, Wolf and Dienes, Zoltan and van Ravenzwaaij, Don},
    year    = {2020},
    journal = {Nature Human Behavior},
    volume  = {4},
    pages   = {561--563},
    doi     = {10.1038/s41562-019-0807-z}
}

@article{oravecz_vandekerckhove:2020:longitudinal,
    title   = {{A} joint process model of consensus and longitudinal dynamics},
    author  = {Oravecz, Zita and Vandekerckhove, Joachim},
    year    = {2020},
    journal = {Journal of Mathematical Psychology},
    volume  = {98},
    pages   = {102386},
    doi     = {10.31234/osf.io/xyghj}
}

@article{van_den_bergh_etal:2020:psychiatric,
    title   = {{C}ultural consensus theory for the evaluation of patients' mental health scores in forensic psychiatric hospitals},
    author  = {van den Bergh, Don and Bogaerts, Stefan and Spreen, Marinus and Flohr, Rob and Vandekerckhove, Joachim and Rhemtulla, Mijke and Batchelder, William and Wagenmakers, Eric-Jan},
    year    = {2020},
    journal = {Journal of Mathematical Psychology},
    volume  = {98},
    pages   = {102383},
    doi     = {10.1016/j.jmp.2020.102383}
}

@article{lucio_etal:2021:performance,
    title   = {{I}s it worthwhile to take account of "guessing" in the performance of the {R}aven test? {C}alling for the principle of parsimony for test validation},
    author  = {Lucio, Patricia and Vandekerckhove, Joachim and Polanczyk, Guilherme and Cogo-Moreira, Hugo},
    year    = {2021},
    journal = {Journal of Psychoeducational Assessment},
    volume  = {39},
    pages   = {100--111},
    doi     = {10.1177/0734282920930923}
}

@incollection{kott_etal:2022:Mathematical,
    title   = {{M}athematical modeling of cyber resilience},
    author  = {Kott, Alexander and Weisman, Michael J. and Vandekerckhove, Joachim},
    year    = {2022},
    journal = {IEEE Military Communications Conference Proceedings},
    doi     = {10.1109/MILCOM55135.2022.10017731}
}

@incollection{ellis_etal:2022:experimentation,
    title   = {{A}n experimentation infrastructure for quantitative measurements of cyber resilience},
    author  = {Ellis, Jason E. and Parker, Travis W. and Vandekerckhove, Joachim and Murphy, Brian J. and Smith, Sydney and Kott, Alexander and Weisman, Michael J.},
    year    = {2022},
    journal = {IEEE Military Communications Conference Proceedings}
}

@incollection{sun_etal:2022:Neurocognitive,
    title   = {{D}ecision {S}inc{N}et: {N}eurocognitive models of decision making that predict cognitive processes from neural signals},
    author  = {Sun, Jenny Q. and Vo, Khuong and Lui, Kitty K. and Nunez, Michael D. and Vandekerckhove, Joachim and Srinivasan, Ramesh},
    year    = {2022},
    journal = {Proceedings of the International Joint Conference on Neural Networks},
    doi     = {10.48550/arXiv.2208.02845}
}

@article{wiech_etal:2022:mechanisms,
    title   = {{C}ortico-brainstem mechanisms of biased perceptual decision-making in the context of pain},
    author  = {Wiech, Katja and Eippert, F. and Vandekerckhove, Joachim and Zaman, Jonas and Placek, K. and Tuerlinckx, Francis and Vlaeyen, Johan and Tracey, Irene},
    year    = {2022},
    journal = {Journal of Pain},
    volume  = {23},
    pages   = {1372},
    doi     = {10.1016/j.jpain.2021.11.006}
}

@article{morey_etal:2022:Compatibility,
    title   = {{A} pre-registered, multi-lab non-replication of the {A}ction-sentence {C}ompatibility {E}ffect ({A}{C}{E})},
    author  = {Morey, Richard and Kaschak, M. P. and Diez-Álamo, A. M. and Glenberg, A. M. and Zwaan, Rolf and Lakens, Daniel and Ibáñez, A. and Garcia, A. and Gianelli, C. and Jones, J. L. and Madden, J. and Alifano, F. and Bergen, B. and Bloxsom, N. G. and Bub, D. N. and Cai, Z. G. and Chartier, C. R. and Chatterjee, A. and Conwell, E., and Cook, S. W. and Davis, J. D. and Evers, E. and Girard, S. and Harter, D. and Hartung, F. and Herrera, E., and Huettig, F. and Humphries, S. and Juanchich, M. and Kühne, K. and Lu, S. and Lynes, T. and Masson, M. E. and Ostarek, M. and Pessers, S. and Reglin, R. and Steegen, Sara and Thiessen, E. D. and Thomas, L. E. and Trott, S. and Vandekerckhove, Joachim and Vanpaemel, Wolf and Vlachou, M. and Williams, K. and Ziv-Crispel, N.},
    year    = {2022},
    journal = {Psychonomic Bulletin \& Review},
    volume  = {29},
    pages   = {1239},
    doi     = {10.3758/s13423-021-01927-8}
}

@chapter{etz_etal:2022:Statistical,
    title   = {{S}tatistical inference in behavioral research: traditional and {B}ayesian approaches},
    author  = {Etz, Alexander and Goodman, Stephen N. and Vandekerckhove, Joachim},
    year    = {2022},
    journal = {Research Integrity: Best Practices for the Social and Behavioral Sciences}
}

@article{shiffrin_etal:2021:Extraordinary,
    title   = {{E}xtraordinary claims, extraordinary evidence? {A} discussion},
    author  = {Shiffrin, Richard M. and Matzke, Dora and Crystal, Jonathan D. and Wagenmakers, Eric-Jan and Chandramouli, Suyog H. and Vandekerckhove, Joachim and Zorzi, Marco and Morey, Richard and Murphy, Mary C.},
    year    = {2021},
    journal = {Learning \& Behavior},
    volume  = {49},
    pages   = {540},
    doi     = {10.3758/s13420-021-00474-5}
}

@article{lui_etal:2021:potentials,
    title   = {{T}iming of readiness potentials reflect a decision-making process in the human brain},
    author  = {Lui, Kitty K. and Nunez, Michael D. and Cassidy, J. M. and Vandekerckhove, Joachim and Cramer, Stephen C. and Srinivasan, Ramesh},
    year    = {2021},
    journal = {Computational Brain \& Behavior},
    volume  = {4},
    pages   = {547},
    doi     = {10.1007/s42113-020-00097-5}
}

@article{devezer_etal:2021:methodology,
    title   = {{T}he case for formal methodology in scientific reform},
    author  = {Devezer, Berna and Navarro, Danielle J. and Vandekerckhove, Joachim and Buzbas, Erkan O.},
    year    = {2021},
    journal = {Royal Society Open Science},
    volume  = {8},
    pages   = {200805},
    doi     = {10.1098/rsos.200805}
}

@article{guan_etal:2020:sequential,
    title   = {{A} cognitive modeling analysis of risk in sequential choice tasks},
    author  = {Guan, Maime and Stokes, Ryan and Vandekerckhove, Joachim and Lee, Michael D.},
    year    = {2020},
    journal = {Judgment and Decision Making},
    volume  = {15},
    pages   = {823-850}
}

@article{heshmati_etal:in_press:psychological,
    title   = {{W}ho benefits from mobile health interventions? {A} dynamical systems analysis of psychological well-being in early adults},
    author  = {Heshmati, Saeideh and Muth, Chelsea and Li, Yanling and Roeser, Robert W. and Smyth, Joshua M. and Vandekerckhove, Joachim and Chow, Sy-Miin and Oravecz, Zita},
    year    = {in press},
    journal = {Applied Psychology: Health and Well-Being}
}

@article{vandekerckhove:2024:Commensurability,
    title   = {{C}ommensurability engineering is first and foremost a theoretical exercise},
    author  = {Vandekerckhove, Joachim},
    year    = {2024},
    journal = {Behavioral and Brain Sciences},
    volume  = {47},
    pages   = {e63},
    doi     = {10.1017/S0140525X23002224}
}

@incollection{weisman_etal:2023:resilience,
    title   = {{P}iecewise linear and stochastic models for the analysis of cyber resilience},
    author  = {Weisman, Michael J. and Kott, Alexander and Vandekerckhove, Joachim},
    year    = {2023},
    journal = {57th Annual Conference on Information Sciences and Systems (CISS)}
}

@article{weisman_etal:2025:experimentation,
    title   = {{Q}uantitative measurement of cyber resilience: modeling and experimentation},
    author  = {Weisman, Michael J. and Kott, Alexander and Ellis, Jason E. and Murphy, Brian J. and Parker, Travis W. and Smith, Sydney and Vandekerckhove, Joachim},
    year    = {2025},
    journal = {Transactions on Cyber-Physical Systems},
    volume  = {9},
    pages   = {1-25},
    doi     = {10.1145/3703159}
}

@article{oravecz_vandekerckhove:2024:Quantifying,
    title   = {{Q}uantifying evidence for---and against---{G}ranger causality with {B}ayes factors},
    author  = {Oravecz, Zita and Vandekerckhove, Joachim},
    year    = {2024},
    journal = {Multivariate Behavioral Research},
    volume  = {59},
    pages   = {1148-1158},
    doi     = {10.1080/00273171.2023.2214890}
}

@article{nunez_etal:2024:understand,
    title   = {{A} tutorial on fitting joint models of {M}/{E}{E}{G} and behavior to understand cognition},
    author  = {Nunez, Michael D. and Fernandez, Kianté and Srinivasan, Ramesh and Vandekerckhove, Joachim},
    year    = {2024},
    journal = {Behavior Research Methods},
    volume  = {56},
    pages   = {6020-6050},
    doi     = {10.3758/s13428-023-02331-x}
}

@article{wagenmakers_etal:preprint:intuitions,
    title   = {{F}ive {B}ayesian intuitions for the {S}topping {R}ule {P}rinciple},
    author  = {Wagenmakers, Eric-Jan and Gronau, Quentin and Vandekerckhove, Joachim},
    year    = {preprint},
    journal = {PsyArXiv}
}

@techreport{kott_etal:2023:quantitative,
    title   = {{A} methodology for quantitative measurement  of cyber resilience ({Q}{M}{O}{C}{R})},
    author  = {Kott, Alexander and Weisman, Michael J. and Vandekerckhove, Joachim and Ellis, Jason E. and Parker, Travis W. and Murphy, Brian J. and Smith, Sydney},
    year    = {2023},
    journal = {Army Research Labs Technical Report}
}

@incollection{vo_etal:2022:adversarial,
    title   = {{C}omposing graphical models with generative adversarial networks for {E}{E}{G} signal modeling},
    author  = {Vo, Khuong and Vishwanath, Manoj and Srinivasan, Ramesh and Dutt, Nikil and Cao, Hung},
    year    = {2022},
    journal = {International Conference on Acoustics, Speech, and Signal Processing (ICASSP)},
    pages   = {1231-1235},
    doi     = {10.1109/ICASSP43922.2022.9747783}
}

@article{villarreal_etal:2024:graphical,
    title   = {{B}ayesian graphical modeling with the circular drift diffusion model},
    author  = {Villarreal, Jesus Manuel and Chávez De la Peña, Adriana F. and Mistry, Percy and Menon, Vinod E. and Vandekerckhove, Joachim and Lee, Michael D.},
    year    = {2024},
    journal = {Computational Brain \& Behavior},
    volume  = {7},
    pages   = {181-194},
    doi     = {10.1007/s42113-023-00191-4}
}

@article{chwiesko_etal:2023:discrimination,
    title   = {{P}arsing memory and non-memory contributions to age-related declines in mnemonic discrimination performance: {A} hierarchical {B}ayesian diffusion decision modeling approach},
    author  = {Chwiesko, Caroline and Janecek, John and Doering, Stephanie and Hollearn, Martina and McMillan, Liv and Vandekerckhove, Joachim and Lee, Michael D. and Ratcliff, Roger and Yassa, Michael},
    year    = {2023},
    journal = {Learning \& Memory},
    volume  = {30},
    pages   = {296-309},
    doi     = {10.1101/lm.053838.123}
}

@article{etz_etal:in_press:incoherent,
    title   = {{T}he {H}{D}{I}+{R}{O}{P}{E} decision rule is logically incoherent but we can fix it},
    author  = {Etz, Alexander and Chávez De la Peña, Adriana F. and Baroja, Luis and Medriano, Kathleen and Vandekerckhove, Joachim},
    year    = {in press},
    journal = {Psychological Methods}
}

@article{rouder_etal:preprint:experiments,
    title   = {{O}n {C}ronbach’s merger: {W}hy experiments may not be suitable for measuring individual differences},
    author  = {Rouder, Jeffrey and Chávez De la Peña, Adriana F. and Mehrvarz, Mahbod and Vandekerckhove, Joachim},
    year    = {preprint},
    journal = {PsyArXiv}
}

@article{chávez_de_la_peña_vandekerckhove:preprint:hierarchical,
    title   = {{A}n {E}{Z} {B}ayesian hierarchical drift diffusion model for response time and accuracy},
    author  = {Chávez De la Peña, Adriana F. and Vandekerckhove, Joachim},
    year    = {preprint},
    journal = {PsyArXiv}
}

@article{montgomery_etal:2024:aggregation,
    title   = {{W}here's {W}aldo, {O}hio? {U}sing cognitive models to improve the aggregation of spatial knowledge},
    author  = {Montgomery, Lauren E. and Baldini, Charles M. and Vandekerckhove, Joachim and Lee, Michael D.},
    year    = {2024},
    journal = {Computational Brain \& Behavior},
    volume  = {7},
    pages   = {242-254},
    doi     = {10.1007/s42113-024-00200-0}
}

@article{vo_etal:2024:cognitive,
    title   = {{D}eep latent variable joint cognitive modeling of neural signals and human behavior},
    author  = {Vo, Khuong and Sun, Jenny Q. and Nunez, Michael D. and Vandekerckhove, Joachim and Srinivasan, Ramesh},
    year    = {2024},
    journal = {NeuroImage},
    volume  = {291},
    pages   = {120559},
    doi     = {10.1016/j.neuroimage.2024.120559}
}

@article{oravecz_etal:in_press:identifying,
    title   = {{P}artially observable predictor models for identifying cognitive markers},
    author  = {Oravecz, Zita and Sliwinski, Martin and Kim, Sharon and Williams, Lindy and Katz, Mindy and Vandekerckhove, Joachim},
    year    = {in press},
    journal = {Computational Brain \& Behavior},
    doi     = {10.31234/osf.io/46bm9}
}

@article{boag_etal:in_press:experimental,
    title   = {{A}n expert guide to planning experimental tasks for evidence accumulation modelling},
    author  = {Boag, Russell J. and Innes, Reilly and Stevenson, Niek and Bahg, Giwon and Busemeyer, Jerome R. and Cox, Gregory E. and Donkin, Christopher and Frank, Michael J. and Hawkins, Guy and Heathcote, Andrew and Hedge, Craig and Lerche, Veronika and Lilburn, Simon and Logan, Gordon D. and Matzke, Dora and Miletic, Steven and Osth, Adam F. and Palmeri, Thomas and Sederberg, Per B. and Singmann, Henrik and Smith, Philip L. and Stafford, Tom and Steyvers, Mark and Strickland, Luke J. and Trueblood, Jennifer and Tsetsos, Konstantinos and Turner, Brandon M. and Usher, Marius and van Maanen, Leendert and van Ravenzwaaij, Don and Vandekerckhove, Joachim and Voss, Andreas and Weichart, Emily R. and Weindel, Gabriel and White, Corey and Evans, Nathan J. and Brown, Scott and Forstmann, Birte},
    year    = {in press},
    journal = {Advances in Methods and Practices in Psychological Science},
    doi     = {10.1177/25152459251336127}
}

@article{kim_etal:preprint:computational,
    title   = {{O}ptimizing the {C}olor {S}hapes task for ambulatory assessment and computational cognitive feature extraction via drift diffusion modeling},
    author  = {Kim, Sharon and Hakun, Jonathan and Li, Yanling and Harrington, Karra D. and Elbich, Daniel B. and Sliwinski, Martin and Vandekerckhove, Joachim and Oravecz, Zita},
    year    = {preprint},
    journal = {JMIR Preprints},
    volume  = {2024},
    pages   = {66300},
    doi     = {10.2196/preprints.66300}
}

@article{oravecz_etal:2025:Computational,
    title   = {{C}omputational phenotyping of cognitive decline with retest learning},
    author  = {Oravecz, Zita and Vandekerckhove, Joachim and Hakun, Jonathan and Kim, Sharon and Katz, Mindy and Wang, Cuiling and Lipton, Richard B. and Derby, Carol A. and Roque, Nelson A. and Sliwinski, Martin},
    year    = {2025},
    journal = {The Journals of Gerontology, Series B: Psychological Sciences and Social Sciences},
    doi     = {10.1093/geronb/gbaf030}
}

@article{davis-stober_etal:2025:replication,
    title   = {{H}ow can we make sound replication decisions?},
    author  = {Davis-Stober, Clintin P. and Sarafoglou, Alexandra and Aczel, Balazs and Chandramouli, Suyog H. and Errington, Timothy M. and Field, Sarahanne M. and Fishbach, Ayelet and Freire, Juliana and Ioannidis, John P. and Oberauer, Klaus and Pestilli, Franco and Ressl, Susanne and Schad, Daniel J. and Ter Schure, Judith and Tentori, Katya and van Ravenzwaaij, Don and Vandekerckhove, Joachim and Gundersen, Odd Erik},
    year    = {2025},
    journal = {Proceedings of the National Academy of Sciences},
    volume  = {122},
    pages   = {e2401236121},
    doi     = {10.1073/pnas.2401236121}
}

@article{shiffrin_etal:2025:Dialogues,
    title   = {{D}ialogues about the practice of science},
    author  = {Shiffrin, Richard M. and Trueblood, Jennifer and Kellen, David and Vandekerckhove, Joachim},
    year    = {2025},
    journal = {Proceedings of the National Academy of Sciences},
    volume  = {122},
    pages   = {e2423782122},
    doi     = {10.1073/pnas.2423782122}
}

@dissertation{kupitz:2020:Applications,
    title   = {{A}pplications of hierarchical {B}ayesian cognitive modeling (dissertation)},
    author  = {Kupitz, Colin},
    year    = {2020},
    journal = {eScholarship},
    pages   = {0zh727fz}
}

@dissertation{baribault:2019:hierarchical,
    title   = {{U}sing hierarchical {B}ayesian models to test complex theories about the nature of latent cognitive processes (dissertation)},
    author  = {Baribault, Beth},
    year    = {2019},
    journal = {eScholarship},
    pages   = {31t8r1k3}
}

@dissertation{etz:2021:considerations,
    title   = {{C}ritical considerations on certain topics in psychological science (dissertation)},
    author  = {Etz, Alexander},
    year    = {2021},
    journal = {eScholarship},
    pages   = {82f4v43c}
}

@dissertation{nunez:2017:neurocognitive,
    title   = {{R}efining understanding of human decision making by testing integrated neurocognitive models of {E}{E}{G}, choice and reaction time (dissertation)},
    author  = {Nunez, Michael D.},
    year    = {2017},
    journal = {eScholarship},
    pages   = {6m36t9sr}
}

@dissertation{guan:2019:dissertation,
    title   = {{A} cognitive modeling analysis of risk in sequential choice tasks (dissertation)},
    author  = {Guan, Maime},
    year    = {2019},
    journal = {eScholarship},
    pages   = {802684nb}
}

@article{williams_etal:in_press:predicts,
    title   = {{H}ow much we express love predicts how much we feel loved in daily life},
    author  = {Williams, Lindy and Kim, Sharon and Li, Yanling and Heshmati, Saeideh and Vandekerckhove, Joachim and Roeser, Robert W. and Oravecz, Zita},
    year    = {in press},
    journal = {PLOS ONE}
}

@incollection{williams_etal:2025:methodological,
    title   = {{C}urrent methodological approaches for studying the association between love and psychological well-being in daily life},
    author  = {Williams, Lindy and Heshmati, Saeideh and Vandekerckhove, Joachim and Oravecz, Zita},
    year    = {2025},
    journal = {The International Handbook of Love},
    doi     = {10.1007/978-3-031-76665-7_75-1}
}

